<?xml version="1.0" encoding="UTF-8"?><collection xmlns="http://www.loc.gov/MARC21/slim"><record><leader>00449nam--2200169-i-4500</leader><controlfield tag="001">000026456</controlfield><controlfield tag="002">20161230</controlfield><controlfield tag="005">20170124003440</controlfield><controlfield tag="008">060222s1000------------r-----000-0-eng-d</controlfield><datafield ind1=" " ind2=" " tag="080"><subfield code="a">51(075)</subfield></datafield><datafield ind1=" " ind2=" " tag="100"><subfield code="a">Kaufmann, A</subfield></datafield><datafield ind1=" " ind2=" " tag="245"><subfield code="a">Cours de mathematiques nouvelles. Pour le recyclage des ingeniueurs et cadres</subfield></datafield><datafield ind1=" " ind2=" " tag="260"><subfield code="a">Paris</subfield><subfield code="b">Dunod</subfield><subfield code="c">1966</subfield></datafield><datafield ind1=" " ind2=" " tag="300"><subfield code="a">XVIII + 485 p</subfield></datafield><datafield ind1=" " ind2=" " tag="700"><subfield code="a">Precigout, M</subfield></datafield><datafield ind1=" " ind2=" " tag="852"><subfield code="a">30060</subfield></datafield><datafield ind1=" " ind2=" " tag="CAT"><subfield code="a">SYS</subfield><subfield code="c">20170124</subfield><subfield code="h">003440</subfield></datafield></record></collection>